<?xml version="1.0" encoding="UTF-8"?><collection xmlns="http://www.loc.gov/MARC21/slim"><record><leader>00607nam--2200181-i-4500</leader><controlfield tag="001">000007888</controlfield><controlfield tag="002">20161230</controlfield><controlfield tag="005">20161230201027</controlfield><controlfield tag="008">060222s1000------------r-----000-0-eng-d</controlfield><datafield ind1=" " ind2=" " tag="040"><subfield code="a">IFIN-HH</subfield></datafield><datafield ind1=" " ind2=" " tag="080"><subfield code="a">539.12.01</subfield></datafield><datafield ind1="1" ind2=" " tag="100"><subfield code="a">Cohen-tannoudji, G., Morel, A., Navelet, H</subfield></datafield><datafield ind1="1" ind2="0" tag="245"><subfield code="a">A phenomenological analysis of high energy dat a inn and kn systems: shadow scattering a nd regge singularities</subfield><subfield code="c">G. cohen-tannoudji, a. morel, h. navelet</subfield></datafield><datafield ind1=" " ind2=" " tag="260"><subfield code="a">Saclay</subfield><subfield code="b">Commissariat A L'Energie Atomique</subfield><subfield code="c">1966</subfield></datafield><datafield ind1=" " ind2=" " tag="300"><subfield code="a">69P</subfield></datafield><datafield ind1="1" ind2=" " tag="700"><subfield code="a">Navelet, H</subfield></datafield><datafield ind1=" " ind2=" " tag="852"><subfield code="a">25276</subfield><subfield code="c">539.12</subfield></datafield><datafield ind1=" " ind2=" " tag="CAT"><subfield code="a">Sys</subfield><subfield code="c">20111114</subfield><subfield code="h">161812</subfield></datafield></record></collection>